
@article{echoChep20,
	author = {{Ellis, Katy} and {Brew, Chris} and {Patargias, George} and {Adye, Tim} and {Appleyard, Rob} and {Dewhurst, Alastair} and {Johnson, Ian}},
	journal = {EPJ Web Conf.},
	pages = {04006},
	title = {XRootD and Object Store: A new paradigm},
	volume = 245,
	year = 2020}

@inproceedings{dewhurst2017deployment,
  title={The deployment of a large scale object store at the RAL Tier-1},
  author={Dewhurst, A and Johnson, I and Adams, J and Canning, B and Vasilakakos, G and Packer, A},
  booktitle={Journal of Physics: Conference Series},
  volume={898},
  number={6},
  pages={062051},
  year={2017},
  organization={IOP Publishing}
}

@misc{ceph,
  title = {{ceph}},
  howpublished = "\url{https://ceph.io}",
}

@misc{xrootd,
  title = {{xrootd}},
  howpublished="\url{https://xrootd.slac.stanford.edu/index.html}",
}

@article{allcock2001gridftp,
  title={GridFTP: Protocol extensions to FTP for the Grid},
  author={Allcock, William},
  journal={Internet Draft, Mar. 2001},
  year={2001}
}

@ARTICLE{webdav,
  author={Whitehead, E.J. and Wiggins, M.},
  journal={IEEE Internet Computing}, 
  title={WebDAV: IEFT standard for collaborative authoring on the Web}, 
  year={1998},
  volume={2},
  number={5},
  pages={34-40},
  doi={10.1109/4236.722228}}

@article{Bockelman_2020,
	doi = {10.1051/epjconf/202024504031},
	url = {https://doi.org/10.1051%2Fepjconf%2F202024504031},
	year = 2020,
	publisher = {{EDP} Sciences},
	volume = {245},
	pages = {04031},
	author = {Brian Bockelman and Andrea Ceccanti and Fabrizio Furano and Paul Millar and Dmitry Litvintsev and Alessandra Forti},
	editor = {C. Doglioni and D. Kim and G.A. Stewart and L. Silvestris and P. Jackson and W. Kamleh},
	title = {Third-party transfers in {WLCG} using {HTTP}},
	journal = {{EPJ} Web of Conferences}
}

@misc{libradosstriper,
  author={Ponce, S.},
  howpublished="\url{https://indico.cern.ch/event/330212/contributions/1718786/attachments/642384/883834/CephPluginForXroot.pdf}",
}

@misc{gridftpplugin,
  howpublished="\url{https://github.com/stfc/gridFTPCephPlugin}",
}

@misc{tomceph23,
  author={Byrne, T},
  title={{Optimizing Ceph IO for High Throughout Particle Physics Workflows}},
  journal={{Cephalocon 2023}},
  year=2023,
  howpublished="\url{https://static.sched.com/hosted_files/ceph2023/a4/Optimizing%20Ceph%20IO.pdf}",
}

@misc{xrdcmsd,
  note={{Figure 1.1.1-2}},
  howpublished="\url{https://xrootd.slac.stanford.edu/doc/dev54/cms_config.pdf}",
}